@Book{Nath2010,
  author =     {Nathan, Adam},
  sortname =     {Nathan, Adam},
  title =      {WPF 4 Unleasched},
  shorttitle =    {WPF 4 Unleasched},
  publisher =      {Pearson Education},
  year =      2010,
  location =     {Vereinigte Staaten von Amerika},
  edition =     {1},
  annote =     {WPF4, Windows Presentation Foundation},
  isbn = {978-0-672-33119-0}
}

@Article{Wild2010,
  author = {Wildermuth, Shawn},
  journal={MSDN Magazine},
  title={Build More Responsive Apps With The Dispatcher},
  year= {2010},
  month={10},
  url = {http://msdn.microsoft.com/en-us/magazine/cc163328.aspx},
  urldate = {2011-09-15}
}

@ONLINE{Stoll2006,
  author={Stollnitz,Bea},
  title={How can I propagate changes across threads?},
  date={2006-09-23},
  urldate = {2011-09-16},
  url={http://bea.stollnitz.com/blog/?p=34}
 }
 
@Book{Kueh2010,
  author =     {Kühnel, Andreas},
  sortname =     {Kühnel, Andreas},
  title =      {Visual C\# 2010: Das umfassende Handbuch},
  shorttitle =    {Visual C\# 2010},
  publisher =      {Galileo Computing},
  year =      2010,
  location =     {Deutschland},
  edition =     {5},
  isbn = {978-3-8362-1552-7}
}

@Book{Wond2005,
	author = {Wondrak,Torsten},
	title = {Untersuchung zur Einbettung von Sprachelementen der prozessorientierten Simulation in C\# in .Net},
	year = 2005
}
	

@ONLINE{MSDN2011,
  author={MSDN},
  title={WPF-Designer-Erweiterbarkeit},
  urldate = {2011-10-14},
  year = 2011,
  url={http://msdn.microsoft.com/de-de/library/bb546938%28v=VS.100%29.aspx}
 }
 
@ONLINE{MSDN2011B,
  author={MSDN},
  title={Microsoft.Windows.Design.Model-Namespace},
  urldate = {2011-10-20},
  year = 2011,
  url={http://msdn.microsoft.com/de-de/library/microsoft.windows.design.model%28v=VS.100%29.aspx}
 }
 
@Manual{MSSUG2005,
  title={Micro Saint Sharp User Guide},
  version=2.0,
  organization={Micro Analysis and Design, Inc},
  year=2005
}

@Manual{USM20008,
  title={User's Manual Simprocess},
  version=4.0,
  organization={CACI International Inc},
  year=2008
}

@Book{ROB2004,
 Author={Robinson, Stewart},
 title={Simulation},
 subtitle={The Practice of Model Development and Use},
 year = 2004,
 publisher={John Wiley \& Sons, Ltd},
 isbn={0-470-84772-7}
}

@Book{GAS2005,
 Author={Gass, Saul I.},
 title={An Annotated Timeline Of Operations Research},
 subtitle={An Informal History},
 year = 2005,
 publisher={Kluwer Academic Publishers},
 isbn={1-4020-8116-2}
}

@Book{FRE2010,
 Author={Freeman, Adam},
 title={Pro .NET 4 Parallel Programming in C\#},
 year=2010,
 publisher={Apress},
 isbn={978-1-4302-2968-1}
}
